@Book{Moore2009Introduction,
  title     = {Introduction to interval analysis},
  publisher = {SIAM},
  year      = {2009},
  author    = {Moore, Ramon Edgar and Kearfott, Ralph Baker and Cloud, Michael J.},
}
